%% This BibTeX bibliography file was created using BibDesk.
%% http://bibdesk.sourceforge.net/


%% Created for Lauro Cesar at 2012-04-23 08:35:42 -0300 


%% Saved with string encoding Unicode (UTF-8) 



@webpage{dillon2000,
	Annote = {Indiana University},
	Author = {Andrew Dillon},
	Date-Added = {2012-04-23 11:35:37 +0000},
	Date-Modified = {2012-04-23 11:35:37 +0000},
	Lastchecked = {2011-04-14},
	Title = {Information Architecture why, what \& when?},
	Url = {http://www.asis.org/Conferences/Summit2000/dillon/},
	Year = {2000},
	Bdsk-Url-1 = {http://www.asis.org/Conferences/Summit2000/dillon/}}

@techreport{iaea2010,
	Address = {Vienna, Austria},
	Author = {IAEA},
	Date-Added = {2012-04-23 11:35:32 +0000},
	Date-Modified = {2012-04-23 11:35:32 +0000},
	Institution = {International Atomic Energy Agency},
	Month = {December},
	Number = {65},
	Title = {Safety Reports Series No. 65: Application of Configuration Management in Nuclear Power Plants},
	Year = {2010}}

@phdthesis{guizzardi2005,
	Address = {Enschede, The Netherlands},
	Author = {Giancarlo Guizzardi},
	Date-Added = {2012-04-23 11:35:28 +0000},
	Date-Modified = {2012-04-23 11:35:28 +0000},
	School = {Centre for Telematics and Information Technology, University of Twente},
	Title = {Ontological Foundations for Structural Conceptual Models},
	Url = {http://www.loa.istc.cnr.it/Guizzardi/SELMAS-CR.pdf},
	Urlaccessdate = {3.7.2011},
	Year = {2005},
	Bdsk-Url-1 = {http://www.loa.istc.cnr.it/Guizzardi/SELMAS-CR.pdf}}

@misc{fultz2011,
	Author = {Jenny Fultz},
	Date-Added = {2012-04-23 11:35:19 +0000},
	Date-Modified = {2012-04-23 11:35:19 +0000},
	Keywords = {psicologia},
	Month = {June},
	Title = {Gestalt Psychology},
	Url = {http://homepages.ius.edu/RALLMAN/gestalt.html},
	Urlaccessdate = {5.6.2011},
	Year = {2011},
	Bdsk-Url-1 = {http://homepages.ius.edu/RALLMAN/gestalt.html}}

@misc{limamarques2010,
	Author = {Mamede Lima-Marques},
	Date-Added = {2012-04-23 11:35:19 +0000},
	Date-Modified = {2012-04-23 11:35:19 +0000},
	Howpublished = {Apresenta{\c c}{\~a}o no Primeiro Col{\'o}quio de Arquitetura da Informa{\c c}{\~a}o de 12.8.2010. Universidade de Bras{\'\i}lia},
	Month = {Agosto},
	Title = {Fundamentos de Arquitetura da Informa{\c c}{\~a}o: posi{\c c}{\~a}o da Escola de Brasilia},
	Year = {2010}}

@mastersthesis{macedo2005,
	Author = {Fl{\'a}via L. Macedo},
	Date-Added = {2012-04-23 11:35:13 +0000},
	Date-Modified = {2012-04-23 11:35:13 +0000},
	Keywords = {arquitetura da informa{\c c}{\~a}o},
	School = {Universidade de Bras{\'\i}lia},
	Title = {Arquitetura da Informa{\c c}{\~a}o: aspectos espistemol{\'o}gicos, cient{\'\i}ficos e pr{\'a}ticos.},
	Type = {Disserta{\c c}{\~a}o de Mestrado},
	Year = {2005}}

@manual{EIA649B,
	Address = {EUA},
	Date-Added = {2012-04-23 11:34:59 +0000},
	Date-Modified = {2012-04-23 11:34:59 +0000},
	Keywords = {norma},
	Month = {June},
	Organization = {TechAmerica},
	Title = {ANSI/EIA 649-B: Configuration Management Standard},
	Year = {2011}}

@inproceedings{banks1991,
	Acmid = {127754},
	Address = {New York, NY, USA},
	Author = {Banks, Steve and Bunting, Catherine and Edwards, Russ and Fleming, Laura and Hackett, Peter},
	Booktitle = {Proceedings of the 28th ACM/IEEE Design Automation Conference},
	Date-Added = {2012-04-23 11:34:38 +0000},
	Date-Modified = {2012-04-23 11:34:38 +0000},
	Doi = {http://doi.acm.org/10.1145/127601.127754},
	Isbn = {0-89791-395-7},
	Location = {San Francisco, California, United States},
	Numpages = {5},
	Pages = {699--703},
	Publisher = {ACM},
	Series = {DAC '91},
	Title = {A configuration management system in a data management framework},
	Url = {http://doi.acm.org/10.1145/127601.127754},
	Year = {1991},
	Bdsk-Url-1 = {http://doi.acm.org/10.1145/127601.127754}}

@inproceedings{masolo2010,
	Author = {Claudio Masolo},
	Booktitle = {Proceedings of the Twelfth International Conference on the Principles of Knowledge Representation and Reasoning (KR 2010)},
	Date-Added = {2012-04-23 11:34:38 +0000},
	Date-Modified = {2012-04-23 11:34:38 +0000},
	Editor = {Lin, F. and Sattler, U.},
	Pages = {258-268},
	Publisher = {AAAI Press},
	Title = {Understanding Ontological Levels},
	Url = {http://wiki.loa-cnr.it/Papers/kr10v0.7.pdf},
	Urlaccessdate = {2.1.2012},
	Year = {2010},
	Bdsk-Url-1 = {http://wiki.loa-cnr.it/Papers/kr10v0.7.pdf}}

@conference{unesco2003,
	Address = {Paris},
	Author = {UNESCO},
	Booktitle = {Convention Concernant la Protection du Patrimoine Mondial, Culturel et Naturel},
	Date-Added = {2012-04-23 11:34:29 +0000},
	Date-Modified = {2012-04-23 11:34:29 +0000},
	Month = {juin--juillet},
	Title = {Patrimoine mondial - WHC-03/27.COM/6A},
	Url = {http://whc.unesco.org/archive/2003/whc03-27com-06af.pdf},
	Urlaccessdate = {2.2.2012},
	Year = {2003},
	Bdsk-Url-1 = {http://whc.unesco.org/archive/2003/whc03-27com-06af.pdf}}

@inbook{guarino1995,
	Address = {Vienna},
	Author = {Nicola Guarino},
	Booktitle = {Philosophy and the Cognitive Science},
	Date-Added = {2012-04-23 11:34:29 +0000},
	Date-Modified = {2012-04-23 11:34:29 +0000},
	Editor = {R. Casati and B. Smith and G. White},
	Month = {September},
	Pages = {443-456},
	Publisher = {Holder-Pivhler-Tempsky},
	Title = {The Ontological Level},
	Url = {http://wiki.loa-cnr.it/Papers/OntLev.pdf},
	Urlaccessdate = {2.1.2012},
	Year = {1995},
	Bdsk-Url-1 = {http://wiki.loa-cnr.it/Papers/OntLev.pdf}}

@incollection{bates2010,
	Address = {New York},
	Author = {Marcia J. Bates},
	Booktitle = {Encyclopedia of Library and Information Sciences},
	Date-Added = {2012-04-23 11:34:29 +0000},
	Date-Modified = {2012-04-23 11:34:29 +0000},
	Edition = {3rd},
	Editor = {Marcia J. Bates and Mary Niles Maack},
	Pages = {2347-2360},
	Publisher = {CRC Press},
	Title = {Information},
	Url = {http://pages.gseis.ucla.edu/faculty/bates/articles/information.html},
	Urlaccessdate = {24.10.2011},
	Volume = {3},
	Year = {2010},
	Bdsk-Url-1 = {http://pages.gseis.ucla.edu/faculty/bates/articles/information.html}}

@book{doxiadis1965,
	Author = {Constantinos A. Doxiadis},
	Date-Added = {2012-04-23 11:34:20 +0000},
	Date-Modified = {2012-04-23 11:34:20 +0000},
	Publisher = {Ceira - Coimbra},
	Title = {Arquitetura em Transi{\c c}{\~a}o},
	Year = {1965}}

@book{davenport1998,
	Address = {S{\~a}o Paulo},
	Author = {Thomas H. Davenport and Laurence Prusak},
	Date-Added = {2012-04-23 11:34:16 +0000},
	Date-Modified = {2012-04-23 11:34:16 +0000},
	Editor = {Tradu{\c c}{\~a}o de Bernadette Siqueira Abr{\~a}o},
	Publisher = {Futura},
	Title = {Ecologia da Informa{\c c}{\~a}o},
	Year = {1998}}

@book{dewey1980,
	Address = {New York, NY, USA},
	Author = {John Dewey},
	Date-Added = {2012-04-23 11:34:16 +0000},
	Date-Modified = {2012-04-23 11:34:16 +0000},
	Publisher = {Perigee Books},
	Title = {Art as Experience},
	Year = {1980}}

@article{albuquerque2011,
	Abstract = {Exp{\~o}e o estado atual da disciplina Arquitetura da Informa{\c c}{\~a}o quanto {\`a} problem{\'a}tica terminol{\'o}gica da defini{\c c}{\~a}o do campo de estudo, apresentando argumentos para uma defini{\c c}{\~a}o de  Arquitetura da Informa{\c c}{\~a}o de uma forma ampla, na qual os usos correntes dessa express{\~a}o sejam vistos como especializa{\c c}{\~o}es. Defende uma defini{\c c}{\~a}o com a utiliza{\c c}{\~a}o de um conjunto de propriedades m{\'\i}nimas cujas intera{\c c}{\~o}es levam a uma terminologia formal e cuja abstra{\c c}{\~a}o leva a uma defini{\c c}{\~a}o formal do conceito que emprega a linguagem de morfismos da Teoria das Categorias. Trata-se de um recorte de alguns dos resultados obtidos na tese de doutoramento de um dos autores, defendida em setembro de 2010. O contexto da pesquisa {\'e} exposto e alguns dos resultados obtidos s{\~a}o delineados},
	Author = {Alfram Roberto Rodrigues de Albuquerque and Mamede Lima-Marques},
	Date-Added = {2012-04-23 11:34:04 +0000},
	Date-Modified = {2012-04-23 11:34:04 +0000},
	Journal = {Perspectivas em Ci{\^e}ncia da Informa{\c c}{\~a}o},
	Number = {Especial (2011)},
	Pages = {60-72},
	Title = {Sobre os fundamentos da Arquitetura da Informa{\c c}{\~a}o},
	Url = {http://periodicos.ufpb.br/ojs2/index.php/pgc/article/view/10827/6075},
	Urlaccessdate = {2.11.2011},
	Volume = {1},
	Year = {2011},
	Bdsk-Url-1 = {http://periodicos.ufpb.br/ojs2/index.php/pgc/article/view/10827/6075}}

@article{shaikh2005,
	Annote = {`In every block of marble I see a statue as plain as though it stood before me, shaped and perfect in attitude and action. I have only to hew away the rough walls that imprison the lovely apparition to reveal it to the other eyes as mine see it.'---Michelangelo
},
	Author = {Saad Shaikh and James Leonard-Amodeo},
	Date-Added = {2012-04-23 11:33:55 +0000},
	Date-Modified = {2012-04-23 11:33:55 +0000},
	Journal = {Journal of the Royal Society of Medicine},
	Month = {February},
	Number = {2},
	Pages = {75--76},
	Title = {The deviating eyes of Michelangelo's David},
	Url = {http://www.ncbi.nlm.nih.gov/pmc/articles/PMC1079389/},
	Urlaccessdate = {2.11.2011},
	Volume = {98},
	Year = {2005},
	Bdsk-Url-1 = {http://www.ncbi.nlm.nih.gov/pmc/articles/PMC1079389/}}

@book{barron1991,
	Address = {New York},
	Author = {Stephanie Barron},
	Date-Added = {2012-04-23 11:33:55 +0000},
	Date-Modified = {2012-04-23 11:33:55 +0000},
	Publisher = {Harry N Abrams},
	Title = {Degenerate Art: The Fate of the Avant-Garde in Nazi Germany},
	Url = {http://www.lacma.org/sites/all/themes/custom/lacma/reading_room/degenerate-art-the-fate-of-the-avant-garde-in-nazi-germany.html},
	Urlaccessdate = {22.12.2011},
	Year = {1991},
	Bdsk-Url-1 = {http://www.lacma.org/sites/all/themes/custom/lacma/reading_room/degenerate-art-the-fate-of-the-avant-garde-in-nazi-germany.html}}
