%% This BibTeX bibliography file was created using BibDesk.
%% http://bibdesk.sourceforge.net/


%% Created for Lauro Cesar at 2012-12-19 11:32:08 -0200 


%% Saved with string encoding Unicode (UTF-8) 


@string{abntex.doc.header = {$Header: /home/cvsroot/abntex/texmf/bibtex/bib/abntex/abntex-doc.bib,v 1.1 2003/03/21 18:28:12 gweber Exp $}}


@manual{abntex2classe,
	Annote = {Este documento substitui o \cite{abnt-classe-doc}},
	Author = {Equipe abnTeX2},
	Date-Added = {2012-12-19 13:08:40 +0000},
	Date-Modified = {2012-12-19 13:09:59 +0000},
	Organization = {Equipe abnTeX2},
	Title = {A classe abntex2: Modelo can{\^o}nico de trabalhos acad{\^e}micos brasileiros compat{\'\i}vel com as normas ABNT NBR 14724:2011, ABNT NBR 6024:2012 e outras},
	Url = {http://code.google.com/p/abntex2/},
	Year = {2012},
	Bdsk-Url-1 = {http://code.google.com/p/abntex2/}}

@manual{abntex2cite-alf,
	Annote = {Este documento {\'e} derivado do \cite{abnt-bibtex-alf-doc}},
	Author = {Equipe abnTeX2},
	Date-Added = {2012-12-19 13:08:00 +0000},
	Date-Modified = {2012-12-19 13:08:30 +0000},
	Organization = {Equipe abnTeX2},
	Title = {Manual de uso do pacote abntex2cite: t{\'o}picos espec{\'\i}ficos da ABNT NBR 10520:2002 e o estilo bibliogr{\'a}fico alfab{\'e}tico (sistema autor-data},
	Url = {http://code.google.com/p/abntex2/},
	Year = {2012},
	Bdsk-Url-1 = {http://code.google.com/p/abntex2/}}

@manual{abntex2cite,
	Annote = {Este documento {\'e} derivado do \cite{abnt-bibtex-doc}},
	Author = {Equipe abnTeX2},
	Date-Added = {2012-12-19 13:06:14 +0000},
	Date-Modified = {2012-12-19 13:07:44 +0000},
	Organization = {Equipe abnTeX2},
	Title = {Manual de uso dos estilos bibliogr{\'a}ficos do pacote abntex2: estilos bibtex compat{\'\i}veis com a ABNT NBR 6023:2000},
	Url = {http://code.google.com/p/abntex2/},
	Year = {2012}}

@manual{abnt-bibtex-doc,
	Author = {Gerald Weber},
	Organization = {Grupo abnTeX},
	Title = {Estilo bibtex compat{\'\i}vel com a `norma' 6023/2000 da {ABNT}},
	Url = {http://abntex.codigolivre.org.br},
	Year = {2003},
	Bdsk-Url-1 = {http://abntex.codigolivre.org.br}}

@manual{abnt-bibtex-alf-doc,
	Author = {Gerald Weber},
	Organization = {Grupo abnTeX},
	Subtitle = {Quest\~oes espec{\'\i}ficas da `norma' 10520/2001},
	Title = {Estilo bibtex compat{\'\i}vel com a `norma' 6023/2000 da {ABNT}},
	Url = {http://abntex.codigolivre.org.br},
	Year = {2003},
	Bdsk-Url-1 = {http://abntex.codigolivre.org.br}}

@manual{abnt-classe-doc,
	Author = {Santini Frasson, Miguel Vin{\'\i}cius},
	Organization = {Grupo abnTeX},
	Subtitle = {confec{\c c}{\~a}o de trabalhos acad{\^e}micos em {\LaTeX} segundo as normas {ABNT}},
	Title = {Classe {ABNT}},
	Url = {http://abntex.codigolivre.org.br},
	Year = {2002},
	Bdsk-Url-1 = {http://abntex.codigolivre.org.br}}

@manual{tabela-simbolos-doc,
	Author = {Gerald Weber},
	Organization = {Grupo abnTeX},
	Title = {Tabelas de s{\'\i}mbolos usando makeindex},
	Url = {http://abntex.codigolivre.org.br},
	Year = {2003},
	Bdsk-Url-1 = {http://abntex.codigolivre.org.br}}
