../../abntex2/packages/abntex2-options.bib